@article{TAVANAEI201947,
title = {Deep learning in spiking neural networks},
journal = {Neural Networks},
volume = {111},
pages = {47-63},
year = {2019},
issn = {0893-6080},
author = {Amirhossein Tavanaei and Masoud Ghodrati and Saeed Reza Kheradpisheh and Timothée Masquelier and Anthony Maida},
}

@article{zheng2024temporal,
  title={Temporal dendritic heterogeneity incorporated with spiking neural networks for learning multi-timescale dynamics},
  author={Zheng, H. and Zheng, Z. and Hu, R. and others},
  journal={Nature Communications},
  volume={15},
  pages={277},
  year={2024},
  publisher={Nature Publishing Group},
  doi={10.1038/s41467-023-44614-z}
}

@article{10.1162/jocn_a_01615,
    author = {Monsa, Rotem and Peer, Michael and Arzy, Shahar},
    title = "{Processing of Different Temporal Scales in the Human Brain}",
    journal = {Journal of Cognitive Neuroscience},
    volume = {32},
    number = {11},
    pages = {2087-2102},
    year = {2020},
    month = {11},
    issn = {0898-929X},
    doi = {10.1162/jocn_a_01615},
}

@article{dayan2003theoretical,
  title={Theoretical neuroscience: computational and mathematical modeling of neural systems},
  author={Dayan, Peter and Abbott, Laurence F and others},
  journal={Journal of Cognitive Neuroscience},
  volume={15},
  number={1},
  pages={154--155},
  year={2003}
}

@inproceedings{10.1145/3407197.3407225,
author = {Yin, Bojian and Corradi, Federico and Boht\'{e}, Sander M.},
title = {Effective and Efficient Computation with Multiple-timescale Spiking Recurrent Neural Networks},
year = {2020},
isbn = {9781450388511},
publisher = {Association for Computing Machinery},
doi = {10.1145/3407197.3407225},
booktitle = {International Conference on Neuromorphic Systems 2020},
articleno = {1},
numpages = {8},
location = {Oak Ridge, TN, USA},
series = {ICONS 2020}
}

@inproceedings{ParametricSNN,
  title={Incorporating learnable membrane time constant to enhance learning of spiking neural networks},
  author={Fang, Wei and Yu, Zhaofei and Chen, Yanqi and Masquelier, Timoth{\'e}e and Huang, Tiejun and Tian, Yonghong},
  booktitle={Proceedings of the IEEE/CVF international conference on computer vision},
  pages={2661--2671},
  year={2021}
}

@article{JAEGER2007335,
title = {Optimization and applications of echo state networks with leaky- integrator neurons},
journal = {Neural Networks},
volume = {20},
number = {3},
pages = {335-352},
year = {2007},
note = {Echo State Networks and Liquid State Machines},
issn = {0893-6080},
author = {Herbert Jaeger and Mantas Lukoševičius and Dan Popovici and Udo Siewert},
}

@article{Henkes2024,
author = {Henkes, Alexander and Eshraghian, Jason K. and Wessels, Henning},
title = {Spiking neural networks for nonlinear regression},
journal = {R. Soc. Open Sci.},
year = {2024},
volume = {11},
number = {2},
pages = {231606},
doi = {http://doi.org/10.1098/rsos.231606}
}


@inproceedings{dvsgesture,
  title={A low power, fully event-based gesture recognition system},
  author={Amir, Arnon and Taba, Brian and Berg, David and Melano, Timothy and McKinstry, Jeffrey and Di Nolfo, Carmelo and Nayak, Tapan and Andreopoulos, Alexander and Garreau, Guillaume and Mendoza, Marcela and others},
  booktitle={Proceedings of the IEEE Conference on Computer Vision and Pattern Recognition},
  pages={7243--7252},
  year={2017}
}

@INPROCEEDINGS{9207109,
  author={Massa, Riccardo and Marchisio, Alberto and Martina, Maurizio and Shafique, Muhammad},
  booktitle={2020 International Joint Conference on Neural Networks (IJCNN)}, 
  title={An Efficient Spiking Neural Network for Recognizing Gestures with a DVS Camera on the Loihi Neuromorphic Processor}, 
  year={2020},
  volume={},
  number={},
  pages={1-9},
  doi={10.1109/IJCNN48605.2020.9207109}}


@InProceedings{ResNet,author = {He, Kaiming and Zhang, Xiangyu and Ren, Shaoqing and Sun, Jian},title = {Deep Residual Learning for Image Recognition},booktitle = {Proceedings of the IEEE Conference on Computer Vision and Pattern Recognition (CVPR)},month = {June},year = {2016}}

@InProceedings{CNNLSTM,author = {Yue-Hei Ng, Joe and Hausknecht, Matthew and Vijayanarasimhan, Sudheendra and Vinyals, Oriol and Monga, Rajat and Toderici, George},title = {Beyond Short Snippets: Deep Networks for Video Classification},booktitle = {Proceedings of the IEEE Conference on Computer Vision and Pattern Recognition (CVPR)},month = {June},year = {2015}}

@article{MSResNet,
  author       = {Yifan Hu and
                  Yujie Wu and
                  Lei Deng and
                  Guoqi Li},
  title        = {Advancing Residual Learning towards Powerful Deep Spiking Neural Networks},
  journal      = {CoRR},
  volume       = {abs/2112.08954},
  year         = {2021},
  url          = {https://arxiv.org/abs/2112.08954},
  eprinttype    = {arXiv},
  eprint       = {2112.08954},
  timestamp    = {Mon, 03 Jan 2022 15:45:35 +0100},
  biburl       = {https://dblp.org/rec/journals/corr/abs-2112-08954.bib},
  bibsource    = {dblp computer science bibliography, https://dblp.org}
}